<ListRecords><record xmlns="http://www.openarchives.org/OAI/2.0/" xmlns:xsi="http://www.w3.org/2001/XMLSchema-instance"><header><identifier>oai:doc.rero.ch:20171201162349-AP</identifier><datestamp>2017-12-01T15:28:30Z</datestamp><setSpec>postprint</setSpec><setSpec>rero_explore</setSpec><setSpec>article</setSpec></header><metadata><marc:record xmlns:marc="http://www.loc.gov/MARC21/slim" xmlns:xsi="http://www.w3.org/2001/XMLSchema-instance" xsi:schemaLocation="http://www.loc.gov/MARC21/slim http://www.loc.gov/standards/marcxml/schema/MARC21slim.xsd" type="Bibliographic"><marc:leader>00000coc  2200000uu 4500</marc:leader><marc:controlfield tag="001">305957</marc:controlfield><marc:controlfield tag="005">20171202140312.0</marc:controlfield><marc:datafield tag="024" ind1="8" ind2=" "><marc:subfield code="a">oai:doc.rero.ch:20171201162349-AP</marc:subfield><marc:subfield code="p">article</marc:subfield><marc:subfield code="p">rero_explore</marc:subfield><marc:subfield code="p">postprint</marc:subfield><marc:subfield code="z">unine</marc:subfield><marc:subfield code="z">cdu556</marc:subfield></marc:datafield><marc:datafield tag="041" ind1=" " ind2=" "><marc:subfield code="a">eng</marc:subfield></marc:datafield><marc:datafield tag="080" ind1=" " ind2=" "><marc:subfield code="a">556</marc:subfield></marc:datafield><marc:datafield tag="100" ind1=" " ind2=" "><marc:subfield code="a">Käser, Daniel</marc:subfield><marc:subfield code="u">Centre for Hydrogeology and Geothermics (CHYN), University of Neuchâtel, Switzerland</marc:subfield></marc:datafield><marc:datafield tag="245" ind1=" " ind2=" "><marc:subfield code="a">Contribution of alluvial groundwater to the outflow of mountainous catchments</marc:subfield><marc:subfield code="9">eng</marc:subfield></marc:datafield><marc:datafield tag="269" ind1=" " ind2=" "><marc:subfield code="c">2016</marc:subfield></marc:datafield><marc:datafield tag="520" ind1=" " ind2=" "><marc:subfield code="a">Alluvial aquifers in mountainous regions cover typically a limited area. Their contribution to catchment storage and outflow is rarely isolated; alluvial groundwater discharge under gauging stations is generally assumed negligible; and hydrological models tend to lump alluvial storage with other units. The role of alluvial aquifers remains therefore unclear: can they contribute significantly to outflow when they cover a few percent of catchment area? Should they be considered a dynamic storage unit or merely a transmission zone? We address these issues based on the continuous monitoring of groundwater discharge, river discharge (one year), and aquifer storage (6 months) in the 6 km&lt;sup&gt;2&lt;/sup&gt; alluvial system of a 194 km&lt;sup&gt;2&lt;/sup&gt; catchment. River and groundwater outflow were measured jointly through ‘‘coupled gauging stations.’’ The contribution of alluvial groundwater to outflow was highest at the outlet of a subcatchment (52 km&lt;sup&gt;2&lt;/sup&gt;), where subsurface discharge amounted to 15% of mean annual outflow, and 85% of outflow during the last week of a drought. In this period, alluvial-aquifer depletion supported 75% of the subcatchment outflow and 35% of catchment outflow—thus 3% of the entire catchment supported a third of the outflow. Storage fluctuations occurred predominantly in the aquifer’s upstream part, where heads varied over 6 m. Not only does this section act as a significant water source, but storage recovers also rapidly at the onset of precipitation. Storage dynamics were best conceptualized along the valley axis, rather than across the more conventional riparian-channel transect. Overall the contribution of alluvial aquifers to catchment outflow deserves more attention.</marc:subfield><marc:subfield code="9">eng</marc:subfield></marc:datafield><marc:datafield tag="700" ind1=" " ind2=" "><marc:subfield code="a">Hunkeler, Daniel</marc:subfield><marc:subfield code="u">Centre for Hydrogeology and Geothermics (CHYN), University of Neuchâtel, Switzerland</marc:subfield></marc:datafield><marc:datafield tag="773" ind1=" " ind2=" "><marc:subfield code="t">Water Resources Research</marc:subfield><marc:subfield code="g">2016/52//680-697</marc:subfield><marc:subfield code="d">Wiley</marc:subfield></marc:datafield><marc:datafield tag="775" ind1=" " ind2=" "><marc:subfield code="o">http://dx.doi.org/10.1002/2014WR016730</marc:subfield><marc:subfield code="g">Published Version</marc:subfield></marc:datafield><marc:datafield tag="856" ind1="4" ind2=" "><marc:subfield code="f">Kaeser_D-Contribution_of_alluvial_groundwater-20171117.pdf</marc:subfield><marc:subfield code="q">application/pdf</marc:subfield><marc:subfield code="s">3766412</marc:subfield><marc:subfield code="u">http://doc.rero.ch/record/305957/files/Kaeser_D-Contribution_of_alluvial_groundwater-20171117.pdf</marc:subfield><marc:subfield code="y">order:1</marc:subfield><marc:subfield code="z">Texte intégral</marc:subfield></marc:datafield><marc:datafield tag="918" ind1=" " ind2=" "><marc:subfield code="a">Faculté des sciences</marc:subfield><marc:subfield code="c">Centre d'hydrogéologie et de géothermie</marc:subfield><marc:subfield code="b">Rue Emile-Argand 11, 2007 Neuchâtel</marc:subfield></marc:datafield><marc:datafield tag="919" ind1=" " ind2=" "><marc:subfield code="a">Université de Neuchâtel</marc:subfield><marc:subfield code="b">Neuchâtel</marc:subfield><marc:subfield code="d">doc.support@rero.ch</marc:subfield></marc:datafield><marc:datafield tag="980" ind1=" " ind2=" "><marc:subfield code="a">POSTPRINT</marc:subfield><marc:subfield code="b">UNINE</marc:subfield><marc:subfield code="f">ART_JOURNAL</marc:subfield></marc:datafield><marc:datafield tag="990" ind1=" " ind2=" "><marc:subfield code="a">20171201162349-AP</marc:subfield></marc:datafield></marc:record></metadata></record>