<record xmlns="http://www.openarchives.org/OAI/2.0/" xmlns:xsi="http://www.w3.org/2001/XMLSchema-instance"><header><identifier>oai:doc.rero.ch:20171201134838-KA</identifier><datestamp>2017-12-01T15:44:32Z</datestamp><setSpec>postprint</setSpec><setSpec>rero_explore</setSpec><setSpec>article</setSpec></header><metadata><marc:record xmlns:marc="http://www.loc.gov/MARC21/slim" xmlns:xsi="http://www.w3.org/2001/XMLSchema-instance" xsi:schemaLocation="http://www.loc.gov/MARC21/slim http://www.loc.gov/standards/marcxml/schema/MARC21slim.xsd" type="Bibliographic"><marc:leader>00000coc  2200000uu 4500</marc:leader><marc:controlfield tag="001">305955</marc:controlfield><marc:controlfield tag="005">20171202140312.0</marc:controlfield><marc:datafield tag="024" ind1="8" ind2=" "><marc:subfield code="a">oai:doc.rero.ch:20171201134838-KA</marc:subfield><marc:subfield code="p">article</marc:subfield><marc:subfield code="p">rero_explore</marc:subfield><marc:subfield code="p">postprint</marc:subfield><marc:subfield code="z">unine</marc:subfield><marc:subfield code="z">cdu556</marc:subfield></marc:datafield><marc:datafield tag="041" ind1=" " ind2=" "><marc:subfield code="a">eng</marc:subfield></marc:datafield><marc:datafield tag="080" ind1=" " ind2=" "><marc:subfield code="a">556</marc:subfield></marc:datafield><marc:datafield tag="100" ind1=" " ind2=" "><marc:subfield code="a">Hunkeler, Daniel</marc:subfield><marc:subfield code="u">Centre for Hydrogeology and Geothermics (CHYN), University of Neuchatel, Switzerland</marc:subfield></marc:datafield><marc:datafield tag="245" ind1=" " ind2=" "><marc:subfield code="a">Engineered and subsequent intrinsic in situ bioremediation of a diesel fuel contaminated aquifer</marc:subfield><marc:subfield code="9">eng</marc:subfield></marc:datafield><marc:datafield tag="269" ind1=" " ind2=" "><marc:subfield code="c">2002</marc:subfield></marc:datafield><marc:datafield tag="520" ind1=" " ind2=" "><marc:subfield code="a">A diesel fuel contaminated aquifer in Menziken, Switzerland was treated for 4.5 years by injecting aerated groundwater, supplemented with KNO&lt;sub&gt;3&lt;/sub&gt; and NH&lt;sub&gt;4&lt;/sub&gt;H&lt;sub&gt;2&lt;/sub&gt;PO&lt;sub&gt;4&lt;/sub&gt; to stimulate indigenous populations of petroleum hydrocarbon (PHC) degrading microorganisms. After dissolved PHC concentrations had stabilized at a low level, engineered in situ bioremediation was terminated. The main objective of this study was to evaluate the efficacy of intrinsic in situ bioremediation as a follow-up measure to remove PHC remaining in the aquifer after terminating engineered in situ bioremediation. In the first 7 months of intrinsic in situ bioremediation, redox conditions in the source area became more reducing as indicated by lower concentrations of SO&lt;sup&gt;2&lt;/sup&gt;&lt;sub&gt;4&lt;/sub&gt;&amp;#8254; and higher concentrations of Fe(II) and CH&lt;sub&gt;4&lt;/sub&gt;. In the core of the source area, strongly reducing conditions prevailed during the remaining study period (3 years) and dissolved PHC concentrations were higher than during engineered in situ bioremediation. This suggests that biodegradation in the core zone was limited by the availability of oxidants. In lateral zones of the source area, however, gradually more oxidized conditions were reestablished again, suggesting that PHC availability increasingly limited biodegradation. The total DIC production rate in the aquifer decreased within 2 years to about 25% of that during engineered in situ bioremediation and remained at that level. Stable carbon isotope analysis confirmed that the produced DIC mainly originated from PHC mineralization. The total rate of DIC and CH&lt;sub&gt;4&lt;/sub&gt; production in the source area was more than 300 times larger than the rate of PHC elution. This indicates that biodegradation coupled to consumption of naturally occurring oxidants was an important process for removal of PHC which remained in the aquifer after terminating engineered measures.</marc:subfield><marc:subfield code="9">eng</marc:subfield></marc:datafield><marc:datafield tag="695" ind1=" " ind2=" "><marc:subfield code="a">Bioremediation ; Petroleum hydrocarbons ; Groundwater ; Redox processes</marc:subfield><marc:subfield code="9">eng</marc:subfield></marc:datafield><marc:datafield tag="700" ind1=" " ind2=" "><marc:subfield code="a">Höhener, P</marc:subfield><marc:subfield code="u">Swiss Federal Institute of Technology (EPFL), ENAC-ISTE-LPE, Lausanne, Switzerland</marc:subfield></marc:datafield><marc:datafield tag="700" ind1=" " ind2=" "><marc:subfield code="a">Zeyer, J</marc:subfield><marc:subfield code="u">Institute of Terrestrial Ecology, Soil Biology, Swiss Federal Institute of Technology (ETH), Schlieren, Switzerland</marc:subfield></marc:datafield><marc:datafield tag="773" ind1=" " ind2=" "><marc:subfield code="t">Journal of Contaminant Hydrology</marc:subfield><marc:subfield code="g">2002/59//231-245</marc:subfield><marc:subfield code="d">Elsevier</marc:subfield></marc:datafield><marc:datafield tag="775" ind1=" " ind2=" "><marc:subfield code="o">https://doi.org/10.1016/S0169-7722(02)00059-1</marc:subfield><marc:subfield code="g">Published Version</marc:subfield></marc:datafield><marc:datafield tag="856" ind1="4" ind2=" "><marc:subfield code="f">Hunkeler_D-Engineered_and_subsequent-20171127.pdf</marc:subfield><marc:subfield code="q">application/pdf</marc:subfield><marc:subfield code="s">847862</marc:subfield><marc:subfield code="u">http://doc.rero.ch/record/305955/files/Hunkeler_D-Engineered_and_subsequent-20171127.pdf</marc:subfield><marc:subfield code="y">order:1</marc:subfield><marc:subfield code="z">Texte intégral</marc:subfield></marc:datafield><marc:datafield tag="918" ind1=" " ind2=" "><marc:subfield code="a">Faculté des sciences</marc:subfield><marc:subfield code="c">Centre d'hydrogéologie et de géothermie</marc:subfield><marc:subfield code="b">Rue Emile-Argand 11, 2007 Neuchâtel</marc:subfield></marc:datafield><marc:datafield tag="919" ind1=" " ind2=" "><marc:subfield code="a">Université de Neuchâtel</marc:subfield><marc:subfield code="b">Neuchâtel</marc:subfield><marc:subfield code="d">doc.support@rero.ch</marc:subfield></marc:datafield><marc:datafield tag="980" ind1=" " ind2=" "><marc:subfield code="a">POSTPRINT</marc:subfield><marc:subfield code="b">UNINE</marc:subfield><marc:subfield code="f">ART_JOURNAL</marc:subfield></marc:datafield><marc:datafield tag="990" ind1=" " ind2=" "><marc:subfield code="a">20171201134838-KA</marc:subfield></marc:datafield></marc:record></metadata></record>