<record xmlns="http://www.openarchives.org/OAI/2.0/" xmlns:xsi="http://www.w3.org/2001/XMLSchema-instance"><header><identifier>oai:doc.rero.ch:20171204162835-TM</identifier><datestamp>2017-12-04T15:33:06Z</datestamp><setSpec>cdu556</setSpec><setSpec>unine</setSpec><setSpec>postprint</setSpec></header><metadata><marc:record xmlns:marc="http://www.loc.gov/MARC21/slim" xmlns:xsi="http://www.w3.org/2001/XMLSchema-instance" xsi:schemaLocation="http://www.loc.gov/MARC21/slim http://www.loc.gov/standards/marcxml/schema/MARC21slim.xsd" type="Bibliographic"><marc:leader>00000coc  2200000uu 4500</marc:leader><marc:controlfield tag="001">305996</marc:controlfield><marc:controlfield tag="005">20171204163306.0</marc:controlfield><marc:datafield tag="024" ind1="8" ind2=" "><marc:subfield code="a">oai:doc.rero.ch:20171204162835-TM</marc:subfield><marc:subfield code="p">postprint</marc:subfield></marc:datafield><marc:datafield tag="024" ind1="8" ind2=" "><marc:subfield code="p">unine</marc:subfield></marc:datafield><marc:datafield tag="024" ind1="8" ind2=" "><marc:subfield code="p">cdu556</marc:subfield></marc:datafield><marc:datafield tag="041" ind1=" " ind2=" "><marc:subfield code="a">eng</marc:subfield></marc:datafield><marc:datafield tag="080" ind1=" " ind2=" "><marc:subfield code="a">556</marc:subfield></marc:datafield><marc:datafield tag="100" ind1=" " ind2=" "><marc:subfield code="a">Jeannottat, S</marc:subfield><marc:subfield code="u">Centre for Hydrogeology and Geothermics (CHYN), University of Neuchâtel, Switzerland</marc:subfield></marc:datafield><marc:datafield tag="245" ind1=" " ind2=" "><marc:subfield code="a">Can Soil Gas VOCs be Related to Groundwater Plumes Based on Their Isotope Signature?</marc:subfield><marc:subfield code="9">eng</marc:subfield></marc:datafield><marc:datafield tag="269" ind1=" " ind2=" "><marc:subfield code="c">2013</marc:subfield></marc:datafield><marc:datafield tag="520" ind1=" " ind2=" "><marc:subfield code="a">The isotope evolution of tetrachloroethene (PCE) during its transport from groundwater toward the soil surface was investigated using laboratory studies and numerical modeling. During air−water partitioning, carbon and chlorine isotope ratios evolved in opposite directions, with a normal isotope effect for chlorine (ε = −0.20‰) and an inverse effect for carbon (ε = +0.46‰). During the migration of PCE from groundwater to the unsaturated zone in a 2D laboratory system, small shifts of carbon and chlorine isotope ratios (+0.8‰) were observed across the capillary fringe. Numerical modeling showed that these shifts are due to isotope fractionation associated with air−water partitioning and gas-phase diffusion. Carbon and chlorine isotope profiles were constant throughout the unsaturated zone once a steady state was reached. However, depending on the thickness of the unsaturated zone and its lithology, depletion in heavy isotopes may occur with distance during the transient migration of contaminants. Additionally, variations of up to +1.5‰ were observed in the unsaturated zone for chlorine isotopes during water table fluctuations. However, at steady state, it is possible to link a groundwater plume to gas-phase contamination and/or to differentiate sources of contamination based on isotope ratios.</marc:subfield><marc:subfield code="9">eng</marc:subfield></marc:datafield><marc:datafield tag="700" ind1=" " ind2=" "><marc:subfield code="a">Hunkeler, Daniel</marc:subfield><marc:subfield code="u">Centre for Hydrogeology and Geothermics (CHYN), University of Neuchâtel, Switzerland</marc:subfield></marc:datafield><marc:datafield tag="773" ind1=" " ind2=" "><marc:subfield code="t">Environmental Science &amp; Technology</marc:subfield><marc:subfield code="g">2013/47/21/12115-12122</marc:subfield><marc:subfield code="d">American Chemical Society</marc:subfield></marc:datafield><marc:datafield tag="775" ind1=" " ind2=" "><marc:subfield code="o">http://dx.doi.org/10.1021/es4010703</marc:subfield><marc:subfield code="g">Published Version</marc:subfield></marc:datafield><marc:datafield tag="856" ind1="4" ind2=" "><marc:subfield code="f">Jeannottat_S-Can_soil_gas_VOCs_be_related-20171204.pdf</marc:subfield><marc:subfield code="q">application/pdf</marc:subfield><marc:subfield code="s">2279907</marc:subfield><marc:subfield code="u">http://doc.rero.ch/record/305996/files/Jeannottat_S-Can_soil_gas_VOCs_be_related-20171204.pdf</marc:subfield><marc:subfield code="y">order:1</marc:subfield><marc:subfield code="z">Texte intégral</marc:subfield></marc:datafield><marc:datafield tag="918" ind1=" " ind2=" "><marc:subfield code="a">Faculté des sciences</marc:subfield><marc:subfield code="c">Centre d'hydrogéologie et de géothermie</marc:subfield><marc:subfield code="b">Rue Emile-Argand 11, 2007 Neuchâtel</marc:subfield></marc:datafield><marc:datafield tag="919" ind1=" " ind2=" "><marc:subfield code="a">Université de Neuchâtel</marc:subfield><marc:subfield code="b">Neuchâtel</marc:subfield><marc:subfield code="d">doc.support@rero.ch</marc:subfield></marc:datafield><marc:datafield tag="980" ind1=" " ind2=" "><marc:subfield code="a">POSTPRINT</marc:subfield><marc:subfield code="b">UNINE</marc:subfield><marc:subfield code="f">ART_JOURNAL</marc:subfield></marc:datafield><marc:datafield tag="990" ind1=" " ind2=" "><marc:subfield code="a">20171204162835-TM</marc:subfield></marc:datafield></marc:record></metadata></record>