<record xmlns="http://www.openarchives.org/OAI/2.0/" xmlns:xsi="http://www.w3.org/2001/XMLSchema-instance"><header><identifier>oai:doc.rero.ch:20171201104409-PV</identifier><datestamp>2017-12-01T14:25:24Z</datestamp><setSpec>unisi</setSpec><setSpec>rero_explore</setSpec><setSpec>article</setSpec><setSpec>postprint</setSpec></header><metadata><marc:record xmlns:marc="http://www.loc.gov/MARC21/slim" xmlns:xsi="http://www.w3.org/2001/XMLSchema-instance" xsi:schemaLocation="http://www.loc.gov/MARC21/slim http://www.loc.gov/standards/marcxml/schema/MARC21slim.xsd" type="Bibliographic"><marc:leader>00000coc  2200000uu 4500</marc:leader><marc:controlfield tag="001">305956</marc:controlfield><marc:controlfield tag="005">20171202140312.0</marc:controlfield><marc:datafield tag="024" ind1="8" ind2=" "><marc:subfield code="a">oai:doc.rero.ch:20171201104409-PV</marc:subfield><marc:subfield code="p">article</marc:subfield><marc:subfield code="p">rero_explore</marc:subfield><marc:subfield code="p">unisi</marc:subfield><marc:subfield code="p">postprint</marc:subfield><marc:subfield code="z">cdu72</marc:subfield></marc:datafield><marc:datafield tag="041" ind1=" " ind2=" "><marc:subfield code="a">ita</marc:subfield></marc:datafield><marc:datafield tag="080" ind1=" " ind2=" "><marc:subfield code="a">72</marc:subfield></marc:datafield><marc:datafield tag="100" ind1=" " ind2=" "><marc:subfield code="a">Viati Navone, Annalisa</marc:subfield><marc:subfield code="u">Accademia di architettura, Università della Svizzera italiana</marc:subfield></marc:datafield><marc:datafield tag="245" ind1=" " ind2=" "><marc:subfield code="a">L'edificio di Piazzale Istria di Giulio Minoletti</marc:subfield><marc:subfield code="9">ita</marc:subfield><marc:subfield code="b">un'analisi "intertestuale"</marc:subfield></marc:datafield><marc:datafield tag="269" ind1=" " ind2=" "><marc:subfield code="c">2014</marc:subfield></marc:datafield><marc:datafield tag="773" ind1=" " ind2=" "><marc:subfield code="t">L'opera sovrana : studi sull'architettura del XX secolo dedicati a Bruno Reichlin = études sur l'architecture du XXe siècle offertes à Bruno Reichlin = Studien über die Architektur des XX. Jh. für Bruno Reichlin</marc:subfield><marc:subfield code="g">2014///388-403</marc:subfield><marc:subfield code="d">Mendrisio Academy Press ; Silvana Editoriale</marc:subfield></marc:datafield><marc:datafield tag="856" ind1="4" ind2=" "><marc:subfield code="f">Viati_Minoletti_Istria.pdf</marc:subfield><marc:subfield code="q">application/pdf</marc:subfield><marc:subfield code="s">5883217</marc:subfield><marc:subfield code="u">http://doc.rero.ch/record/305956/files/Viati_Minoletti_Istria.pdf</marc:subfield><marc:subfield code="y">order:1</marc:subfield><marc:subfield code="z">PDF Editoriale</marc:subfield></marc:datafield><marc:datafield tag="918" ind1=" " ind2=" "><marc:subfield code="a">Accademia di architettura</marc:subfield><marc:subfield code="b">Villa Argentina, CH-6850 Mendrisio</marc:subfield></marc:datafield><marc:datafield tag="919" ind1=" " ind2=" "><marc:subfield code="a">Università della Svizzera italiana</marc:subfield><marc:subfield code="b">Lugano</marc:subfield><marc:subfield code="d">doc.support@rero.ch</marc:subfield></marc:datafield><marc:datafield tag="980" ind1=" " ind2=" "><marc:subfield code="a">POSTPRINT</marc:subfield><marc:subfield code="b">UNISI</marc:subfield><marc:subfield code="f">ART_INBOOK</marc:subfield></marc:datafield><marc:datafield tag="990" ind1=" " ind2=" "><marc:subfield code="a">20171201104409-PV</marc:subfield></marc:datafield></marc:record></metadata></record>