<record xmlns="http://www.openarchives.org/OAI/2.0/" xmlns:xsi="http://www.w3.org/2001/XMLSchema-instance"><header><identifier>oai:doc.rero.ch:20171204154523-DT</identifier><datestamp>2017-12-04T14:47:36Z</datestamp><setSpec>postprint</setSpec><setSpec>unine</setSpec><setSpec>cdu53</setSpec></header><metadata><marc:record xmlns:marc="http://www.loc.gov/MARC21/slim" xmlns:xsi="http://www.w3.org/2001/XMLSchema-instance" xsi:schemaLocation="http://www.loc.gov/MARC21/slim http://www.loc.gov/standards/marcxml/schema/MARC21slim.xsd" type="Bibliographic"><marc:leader>00000coc  2200000uu 4500</marc:leader><marc:controlfield tag="001">305995</marc:controlfield><marc:controlfield tag="005">20171204154736.0</marc:controlfield><marc:datafield tag="024" ind1="8" ind2=" "><marc:subfield code="a">oai:doc.rero.ch:20171204154523-DT</marc:subfield><marc:subfield code="p">postprint</marc:subfield></marc:datafield><marc:datafield tag="024" ind1="8" ind2=" "><marc:subfield code="p">unine</marc:subfield></marc:datafield><marc:datafield tag="024" ind1="8" ind2=" "><marc:subfield code="p">cdu53</marc:subfield></marc:datafield><marc:datafield tag="041" ind1=" " ind2=" "><marc:subfield code="a">eng</marc:subfield></marc:datafield><marc:datafield tag="080" ind1=" " ind2=" "><marc:subfield code="a">53</marc:subfield></marc:datafield><marc:datafield tag="100" ind1=" " ind2=" "><marc:subfield code="a">Jornod, Nayara</marc:subfield><marc:subfield code="u">Laboratoire Temps-Fréquence, Université de Neuchâtel, Switzerland</marc:subfield></marc:datafield><marc:datafield tag="245" ind1=" " ind2=" "><marc:subfield code="a">Carrier-envelope offset frequency stabilization of a gigahertz semiconductor disk laser</marc:subfield><marc:subfield code="9">eng</marc:subfield></marc:datafield><marc:datafield tag="520" ind1=" " ind2=" "><marc:subfield code="a">Optical frequency combs based on ultrafast lasers have enabled numerous scientific breakthroughs. However, their use for commercial applications is limited by the complexity and cost of femtosecond laser technology. Ultrafast semiconductor lasers might change this issue as they can be mass produced in a cost-efficient way while providing large spectral coverage from a single technology. However, it has not been proven to date if ultrafast semiconductor lasers are suitable for stabilization of their carrier-envelope offset (CEO) frequency. Here we present what we believe to be the first CEO frequency stabilization of an ultrafast semiconductor disk laser (SDL). The optically pumped SDL is passively modelocked by a semiconductor saturable absorber mirror. It operates at a repetition rate of 1.8 GHz and a center wavelength of 1034 nm. The 273 fs pulses of the oscillator are amplified to an average power level of 6 W and temporally compressed down to 120 fs. A coherent octave-spanning supercontinuum spectrum is generated in a photonic crystal fiber. The CEO frequency is detected in a standard &lt;i&gt;ƒ&lt;/i&gt;–to–2&lt;i&gt;ƒ&lt;/i&gt; interferometer and phase locked to an external reference by feedback applied to the current of the SDL pump diode. This proof-of-principle demonstrates that ultrafast SDLs are suitable for CEO stabilization and constitutes a key step for further developments of this comb technology expected in the coming years.</marc:subfield><marc:subfield code="9">eng</marc:subfield></marc:datafield><marc:datafield tag="700" ind1=" " ind2=" "><marc:subfield code="a">Gürel, Kutan</marc:subfield><marc:subfield code="u">Laboratoire Temps-Fréquence, Université de Neuchâtel, Switzerland</marc:subfield></marc:datafield><marc:datafield tag="700" ind1=" " ind2=" "><marc:subfield code="a">Wittwer, Valentin J</marc:subfield><marc:subfield code="u">Laboratoire Temps-Fréquence, Université de Neuchâtel, Switzerland</marc:subfield></marc:datafield><marc:datafield tag="700" ind1=" " ind2=" "><marc:subfield code="a">Brochard, Pierre</marc:subfield><marc:subfield code="u">Laboratoire Temps-Fréquence, Université de Neuchâtel, Switzerland</marc:subfield></marc:datafield><marc:datafield tag="700" ind1=" " ind2=" "><marc:subfield code="a">Hakobyan, Sargis</marc:subfield><marc:subfield code="u">Laboratoire Temps-Fréquence, Université de Neuchâtel, Switzerland</marc:subfield></marc:datafield><marc:datafield tag="700" ind1=" " ind2=" "><marc:subfield code="a">Schilt, Stéphane</marc:subfield><marc:subfield code="u">Laboratoire Temps-Fréquence, Université de Neuchâtel, Switzerland</marc:subfield></marc:datafield><marc:datafield tag="700" ind1=" " ind2=" "><marc:subfield code="a">Waldburger, Dominik</marc:subfield><marc:subfield code="u">Institute for Quantum Electronics, ETH Zürich, Switzerland</marc:subfield></marc:datafield><marc:datafield tag="700" ind1=" " ind2=" "><marc:subfield code="a">Keller, Ursula</marc:subfield><marc:subfield code="u">Institute for Quantum Electronics, ETH Zürich, Switzerland</marc:subfield></marc:datafield><marc:datafield tag="700" ind1=" " ind2=" "><marc:subfield code="a">Südmeyer, Thomas</marc:subfield><marc:subfield code="u">Laboratoire Temps-Fréquence, Université de Neuchâtel, Switzerland</marc:subfield></marc:datafield><marc:datafield tag="773" ind1=" " ind2=" "><marc:subfield code="t">Optica</marc:subfield><marc:subfield code="g">2017/4/12/1482-1487</marc:subfield><marc:subfield code="d">Optical Society of America</marc:subfield></marc:datafield><marc:datafield tag="775" ind1=" " ind2=" "><marc:subfield code="o">https://doi.org/10.1364/OPTICA.4.001482</marc:subfield><marc:subfield code="g">Published Version</marc:subfield></marc:datafield><marc:datafield tag="856" ind1="4" ind2=" "><marc:subfield code="f">Jornod_N.-Carrier-envelope-20171204.pdf</marc:subfield><marc:subfield code="q">application/pdf</marc:subfield><marc:subfield code="s">2314080</marc:subfield><marc:subfield code="u">http://doc.rero.ch/record/305995/files/Jornod_N.-Carrier-envelope-20171204.pdf</marc:subfield><marc:subfield code="y">order:1</marc:subfield><marc:subfield code="z">Texte intégral</marc:subfield></marc:datafield><marc:datafield tag="918" ind1=" " ind2=" "><marc:subfield code="a">Faculté des sciences</marc:subfield><marc:subfield code="b">Rue Emile-Argand 11, 2007 Neuchâtel</marc:subfield></marc:datafield><marc:datafield tag="919" ind1=" " ind2=" "><marc:subfield code="a">Université de Neuchâtel</marc:subfield><marc:subfield code="b">Neuchâtel</marc:subfield><marc:subfield code="d">doc.support@rero.ch</marc:subfield></marc:datafield><marc:datafield tag="980" ind1=" " ind2=" "><marc:subfield code="a">POSTPRINT</marc:subfield><marc:subfield code="b">UNINE</marc:subfield><marc:subfield code="f">ART_JOURNAL</marc:subfield></marc:datafield><marc:datafield tag="990" ind1=" " ind2=" "><marc:subfield code="a">20171204154523-DT</marc:subfield></marc:datafield></marc:record></metadata></record>