<record xmlns="http://www.openarchives.org/OAI/2.0/" xmlns:xsi="http://www.w3.org/2001/XMLSchema-instance"><header><identifier>oai:doc.rero.ch:20171205081216-FA</identifier><datestamp>2017-12-05T07:18:53Z</datestamp><setSpec>cdu2</setSpec><setSpec>unifr</setSpec><setSpec>postprint</setSpec></header><metadata><marc:record xmlns:marc="http://www.loc.gov/MARC21/slim" xmlns:xsi="http://www.w3.org/2001/XMLSchema-instance" xsi:schemaLocation="http://www.loc.gov/MARC21/slim http://www.loc.gov/standards/marcxml/schema/MARC21slim.xsd" type="Bibliographic"><marc:leader>00000coc  2200000uu 4500</marc:leader><marc:controlfield tag="001">305997</marc:controlfield><marc:controlfield tag="005">20171205081853.0</marc:controlfield><marc:datafield tag="024" ind1="8" ind2=" "><marc:subfield code="a">oai:doc.rero.ch:20171205081216-FA</marc:subfield><marc:subfield code="p">postprint</marc:subfield></marc:datafield><marc:datafield tag="024" ind1="8" ind2=" "><marc:subfield code="p">unifr</marc:subfield></marc:datafield><marc:datafield tag="024" ind1="8" ind2=" "><marc:subfield code="p">cdu2</marc:subfield></marc:datafield><marc:datafield tag="041" ind1=" " ind2=" "><marc:subfield code="a">ger</marc:subfield></marc:datafield><marc:datafield tag="080" ind1=" " ind2=" "><marc:subfield code="a">2</marc:subfield></marc:datafield><marc:datafield tag="100" ind1=" " ind2=" "><marc:subfield code="a">Schmid, Hansjörg</marc:subfield><marc:subfield code="u">Université de Fribourg</marc:subfield></marc:datafield><marc:datafield tag="245" ind1=" " ind2=" "><marc:subfield code="a">Dialog konkret</marc:subfield><marc:subfield code="9">ger</marc:subfield><marc:subfield code="b">Worüber Muslime mit Christen in Deutschland sprechen</marc:subfield></marc:datafield><marc:datafield tag="269" ind1=" " ind2=" "><marc:subfield code="c">2008</marc:subfield></marc:datafield><marc:datafield tag="695" ind1=" " ind2=" "><marc:subfield code="a">Islamische Vereinigungen ; Moscheebau ; Öffentlichkeit</marc:subfield><marc:subfield code="9">ger</marc:subfield></marc:datafield><marc:datafield tag="773" ind1=" " ind2=" "><marc:subfield code="t">Herder Korrespondenz</marc:subfield><marc:subfield code="g">2008/62/9/470-475</marc:subfield><marc:subfield code="d">Herder</marc:subfield></marc:datafield><marc:datafield tag="856" ind1="4" ind2=" "><marc:subfield code="f">dialog_konkret_hs_2008.pdf</marc:subfield><marc:subfield code="q">application/pdf</marc:subfield><marc:subfield code="s">65112</marc:subfield><marc:subfield code="u">http://doc.rero.ch/record/305997/files/dialog_konkret_hs_2008.pdf</marc:subfield><marc:subfield code="y">order:1</marc:subfield><marc:subfield code="z">Texte intégral</marc:subfield></marc:datafield><marc:datafield tag="918" ind1=" " ind2=" "><marc:subfield code="a">Faculté de théologie</marc:subfield><marc:subfield code="c">Centre Suisse Islam et Société</marc:subfield><marc:subfield code="b">Décanat, Av. de l'Europe 20, 1700 Fribourg</marc:subfield></marc:datafield><marc:datafield tag="919" ind1=" " ind2=" "><marc:subfield code="a">Université de Fribourg</marc:subfield><marc:subfield code="b">Fribourg</marc:subfield><marc:subfield code="d">doc.support@rero.ch</marc:subfield></marc:datafield><marc:datafield tag="980" ind1=" " ind2=" "><marc:subfield code="a">POSTPRINT</marc:subfield><marc:subfield code="b">UNIFR</marc:subfield><marc:subfield code="f">ART_JOURNAL</marc:subfield></marc:datafield><marc:datafield tag="990" ind1=" " ind2=" "><marc:subfield code="a">20171205081216-FA</marc:subfield></marc:datafield></marc:record></metadata></record></ListRecords>